@article{smola2004tutorial,
  title={A tutorial on support vector regression},
  author={Smola, Alex J and Sch{\"o}lkopf, Bernhard},
  journal={Statistics and computing},
  volume={14},
  number={3},
  pages={199--222},
  year={2004},
  publisher={Springer}
}

@article{cawley2010over,
  title={On over-fitting in model selection and subsequent selection bias in performance evaluation},
  author={Cawley, Gavin C and Talbot, Nicola LC},
  journal={Journal of Machine Learning Research},
  volume={11},
  number={Jul},
  pages={2079--2107},
  year={2010}
}

@article{chapelle2002choosing,
  title={Choosing multiple parameters for support vector machines},
  author={Chapelle, Olivier and Vapnik, Vladimir and Bousquet, Olivier and Mukherjee, Sayan},
  journal={Machine learning},
  volume={46},
  number={1},
  pages={131--159},
  year={2002},
  publisher={Springer}
}

@article{sapankevych2009time,
  title={Time series prediction using support vector machines: a survey},
  author={Sapankevych, Nicholas I and Sankar, Ravi},
  journal={IEEE Computational Intelligence Magazine},
  volume={4},
  number={2},
  year={2009},
  publisher={IEEE}
}

@misc{poggio2001b,
  title={b (CBCL Paper 198/AI Memo 2001-011)},
  author={Poggio, T and Mukherjee, S and Rifkin, R and Rakhlin, A and Verri, A},
  year={2001},
  publisher={Cambridge, MA: MIT}
}

@article{vapnik1999overview,
  title={An overview of statistical learning theory},
  author={Vapnik, Vladimir N},
  journal={IEEE transactions on neural networks},
  volume={10},
  number={5},
  pages={988--999},
  year={1999},
  publisher={IEEE}
}

@article{basak2007support,
  title={Support vector regression},
  author={Basak, Debasish and Pal, Srimanta and Patranabis, Dipak Chandra},
  journal={Neural Information Processing-Letters and Reviews},
  volume={11},
  number={10},
  pages={203--224},
  year={2007},
  publisher={Citeseer}
}

@article{granger1992forecasting,
  title={Forecasting stock market prices: Lessons for forecasters},
  author={Granger, Clive WJ},
  journal={International Journal of Forecasting},
  volume={8},
  number={1},
  pages={3--13},
  year={1992},
  publisher={Elsevier}
}
